@misc{AyalaSolares2020,

author = {{Ayala Solares}, Jose Roberto and {Diletta Raimondi}, Francesca Elisa and Zhu, Yajie and Rahimian, Fatemeh and Canoy, Dexter and Tran, Jenny and {Pinho Gomes}, Ana Catarina and Payberah, Amir H. and Zottoli, Mariagrazia and Nazarzadeh, Milad and Conrad, Nathalie and Rahimi, Kazem and Salimi-Khorshidi, Gholamreza},
booktitle = {Journal of Biomedical Informatics},
doi = {10.1016/j.jbi.2019.103337},
file = {:C$\backslash$:/Users/Amin/AppData/Local/Mendeley Ltd./Mendeley Desktop/Downloaded/Ayala Solares et al. - 2020 - Deep learning for electronic health records A comparative review of multiple deep neural architectures.pdf:pdf},
issn = {15320464},
keywords = {CPRD,Deep learning,Electronic health records,Neural networks,Representation learning},
month = {jan},
pages = {103337},
pmid = {31916973},
publisher = {Academic Press Inc.},
title = {{Deep learning for electronic health records: A comparative review of multiple deep neural architectures}},
volume = {101},
year = {2020}
}
@article{Bahadori2019,

annote = {Presents:
1- data augmentation method for EHR data
2- temporal-clustering methods for irregular time-series in EHR data},
archivePrefix = {arXiv},
arxivId = {1904.12206},
author = {Bahadori, Mohammad Taha and Lipton, Zachary Chase},
eprint = {1904.12206},
file = {:C$\backslash$:/Users/Amin/AppData/Local/Mendeley Ltd./Mendeley Desktop/Downloaded/Bahadori, Lipton - 2019 - Temporal-Clustering Invariance in Irregular Healthcare Time Series(2).pdf:pdf},
keywords = {EHR,data augmentation,ensemble model,missing data,ordinal encoding,temporal clustering,time-series,unary coding,zero filling},

title = {{Temporal-Clustering Invariance in Irregular Healthcare Time Series}},
url = {https://arxiv.org/pdf/1904.12206.pdf http://arxiv.org/abs/1904.12206},
year = {2019}
}
@inproceedings{Bai2019,

author = {Bai, Tian and Egleston, Brian L and Bleicher, Richard and Vucetic, Slobodan},
booktitle = {Proceedings of the Twenty-Eighth International Joint Conference on Artificial Intelligence},
file = {:C$\backslash$:/Users/Amin/AppData/Local/Mendeley Ltd./Mendeley Desktop/Downloaded/Bai et al. - 2019 - Medical Concept Representation Learning from Multi-source Data.pdf:pdf},
keywords = {Machine Learning Applications: Bio,Medicine,Multidisciplinary Topics and Applications: Biology,Natural Language Processing: NLP Applications and ,Natural Language Processing: Natural Language Proc},
pages = {4897--4903},
title = {{Medical Concept Representation Learning from Multi-source Data}},
year = {2019}
}
@article{Bai2018,

author = {Bai, Tian and {Kumar Chanda}, Ashis and Egleston, Brian L and Vucetic, Slobodan},
doi = {10.1186/s12911-018-0672-0},
file = {:C$\backslash$:/Users/Amin/AppData/Local/Mendeley Ltd./Mendeley Desktop/Downloaded/Bai et al. - 2018 - EHR phenotyping via jointly embedding medical concepts and words into a unified vector space.pdf:pdf},
journal = {BMC Medical Informatics and Decision Making},
keywords = {Distributed representation,Electronic health records,Healthcare Background,Natural language processing},
pages = {13--16},
title = {{EHR phenotyping via jointly embedding medical concepts and words into a unified vector space}},
url = {https://doi.org/10.1186/s12911-018-0672-0},
volume = {2018},
year = {2018}
}
@inproceedings{Baytas,

author = {Baytas, Inci M and Xiao, Cao and Zhang, Xi and Wang, Fei and Jain, Anil K and Zhou, Jiayu},
booktitle = {Proceedings of the ACM SIGKDD International Conference on Knowledge Discovery and Data Mining},
doi = {10.1145/3097983.3097997},
file = {:C$\backslash$:/Users/Amin/AppData/Local/Mendeley Ltd./Mendeley Desktop/Downloaded/Baytas et al. - Unknown - Patient Subtyping via Time-Aware LSTM Networks KEYWORDS.pdf:pdf},
isbn = {9781450348874},
keywords = {Long-short term Memory,Patient subtyping,Recurrent neural network},
pages = {65--74},
title = {{Patient subtyping via time-aware LSTM networks}},
volume = {Part F1296},
year = {2017}
}
@inproceedings{Beam2020,

archivePrefix = {arXiv},
arxivId = {1804.01486},
author = {Beam, Andrew L and Kompa, Benjamin and Schmaltz, Allen and Fried, Inbar and Weber, Grin and Palmer, Nathan and Shi, Xu and Cai, Tianxi and Kohane, Isaac S},
booktitle = {Pacific Symposium on Biocomputing},
doi = {10.1142/9789811215636_0027},
eprint = {1804.01486},
file = {:C$\backslash$:/Users/Amin/AppData/Local/Mendeley Ltd./Mendeley Desktop/Downloaded/Beam et al. - 2018 - Clinical Concept Embeddings Learned from Massive Sources of Multimodal Medical Data.pdf:pdf},
issn = {23356936},
keywords = {Claims data,Electronic health records,Machine learning,Natural language processing},
number = {2020},
pages = {295--306},
pmid = {31797605},
title = {{Clinical concept embeddings learned from massive sources of multimodal medical data}},
volume = {25},
year = {2020}
}
@article{Beaulieu-Jones2016,
author = {Beaulieu-Jones, Brett K. and Greene, Casey S.},
doi = {10.1016/j.jbi.2016.10.007},
file = {:C$\backslash$:/Users/Amin/AppData/Local/Mendeley Ltd./Mendeley Desktop/Downloaded/Beaulieu-Jones, Greene - 2016 - Semi-supervised learning of the electronic health record for phenotype stratification.pdf:pdf},
issn = {15320464},
journal = {Journal of Biomedical Informatics},
month = {dec},
pages = {168--178},
title = {{Semi-supervised learning of the electronic health record for phenotype stratification}},
url = {https://linkinghub.elsevier.com/retrieve/pii/S153204641630140X},
volume = {64},
year = {2016}
}
@techreport{Cai2018,

archivePrefix = {arXiv},
arxivId = {1806.02873v1},
author = {Cai, Xiangrui and Gao, Jinyang and Ngiam, Kee Yuan and Ooi, Beng Chin and Zhang, Ying and Yuan, Xiaojie},
eprint = {1806.02873v1},
file = {:C$\backslash$:/Users/Amin/AppData/Local/Mendeley Ltd./Mendeley Desktop/Downloaded/Cai et al. - Unknown - Medical Concept Embedding with Time-Aware Attention.pdf:pdf},
title = {{Medical Concept Embedding with Time-Aware Attention}},
url = {http://www.who.int/classification/icd/en},
year = {2018}
}
@inproceedings{Che2017,

author = {Che, Chao and Xiao, Cao and Liang, Jian and Jin, Bo and Zhou, Jiayu and Wang, Fei},
booktitle = {Proceedings of the 17th SIAM International Conference on Data Mining, SDM 2017},
doi = {10.1137/1.9781611974973.23},
file = {:C$\backslash$:/Users/Amin/AppData/Local/Mendeley Ltd./Mendeley Desktop/Downloaded/Che et al. - Unknown - An RNN Architecture with Dynamic Temporal Matching for Personalized Predictions of Parkinson's Disease.pdf:pdf},
isbn = {9781611974874},
pages = {198--206},
title = {{An RNN architecture with dynamic temporal matching for personalized predictions of Parkinson's disease}},
url = {http://www.siam.org/journals/ojsa.php},
year = {2017}
}
@inproceedings{Chen2020,

author = {Chen, Peiying},
booktitle = {4th International Conference on Control Engineering and Artificial Intelligence (CCEAI 2020)},
doi = {10.1088/1742-6596/1487/1/012015},
file = {:C$\backslash$:/Users/Amin/AppData/Local/Mendeley Ltd./Mendeley Desktop/Downloaded/Chen - 2020 - Representation Learning for Electronic Health Records A Survey.pdf:pdf},
keywords = {affordable,fast,flexible,open access,proceedings,template},
publisher = {IOP Publishing},
title = {{Representation Learning for Electronic Health Records: A Survey}},
year = {2020}
}
@inproceedings{Cheng2016,

author = {Cheng, Yu and Wang, Fei and Zhang, Ping and Hu, Jianying},
doi = {10.1137/1.9781611974348.49},
file = {:C$\backslash$:/Users/Amin/AppData/Local/Mendeley Ltd./Mendeley Desktop/Downloaded/Cheng et al. - Unknown - Risk Prediction with Electronic Health Records A Deep Learning Approach.pdf:pdf},
keywords = {CNN,EHR,convolutional neural networks,deep learning},

pages = {432--440},
title = {{Risk Prediction with Electronic Health Records: A Deep Learning Approach}},
url = {http://www.siam.org/journals/ojsa.php},
year = {2016}
}
@inproceedings{Choi2016RETAIN,
archivePrefix = {arXiv},
arxivId = {1608.05745},
author = {Choi, Edward and Bahadori, Mohammad Taha and Kulas, Joshua A and Schuetz, Andy and Stewart, Walter F and Sun, Jimeng},
booktitle = {Advances in Neural Information Processing Systems},
eprint = {1608.05745},
file = {:C$\backslash$:/Users/Amin/AppData/Local/Mendeley Ltd./Mendeley Desktop/Downloaded/Choi et al. - 2016 - RETAIN An Interpretable Predictive Model for Healthcare using Reverse Time Attention Mechanism.pdf:pdf},
issn = {10495258},
pages = {3504--3512},
title = {{RETAIN: An Interpretable Predictive Model for Healthcare using Reverse Time Attention Mechanism}},
url = {http://papers.nips.cc/paper/6321-retain-an-interpretable-predictive-model-for-healthcare-using-reverse-time-attention-mechanism.pdf http://arxiv.org/abs/1608.05745},
year = {2016}
}

@article{Choi2016DoctorAI,

author = {Choi, Edward and Bahadori, Mohammad Taha and Schuetz, Andy and Stewart, Walter F and Sun, Jimeng},
file = {:C$\backslash$:/Users/Amin/AppData/Local/Mendeley Ltd./Mendeley Desktop/Downloaded/Choi et al. - Unknown - Doctor AI Predicting Clinical Events via Recurrent Neural Networks.pdf:pdf},
issn = {1938-7288},
journal = {JMLR workshop and conference proceedings},
keywords = {multilabel classification},

pages = {301--318},
pmid = {28286600},
title = {{Doctor AI: Predicting Clinical Events via Recurrent Neural Networks.}},
url = {http://proceedings.mlr.press/v56/Choi16.pdf http://www.ncbi.nlm.nih.gov/pubmed/28286600{\%}0Ahttp://www.pubmedcentral.nih.gov/articlerender.fcgi?artid=PMC5341604},
volume = {56},
year = {2016}
}
@article{Choi2016med2vec,

address = {New York, New York, USA},
archivePrefix = {arXiv},
arxivId = {1602.05568},
author = {Choi, Edward and Bahadori, Mohammad Taha and Searles, Elizabeth and Coffey, Catherine and Sun, Jimeng},
doi = {10.1145/2939672.2939823},
eprint = {1602.05568},
file = {:C$\backslash$:/Users/Amin/AppData/Local/Mendeley Ltd./Mendeley Desktop/Downloaded/Choi et al. - Unknown - Multi-layer Representation Learning for Medical Concepts(2).pdf:pdf},
isbn = {9781450342322},
journal = {Proceedings of the 22nd ACM SIGKDD International Conference on Knowledge Discovery and Data Mining - KDD '16},
keywords = {healthcare analytics,medical concepts,neural networks,representation learning},
pages = {1495--1504},
publisher = {ACM Press},
title = {{Multi-layer Representation Learning for Medical Concepts}},
url = {http://dl.acm.org/citation.cfm?doid=2939672.2939823 http://arxiv.org/abs/1602.05568},
year = {2016}
}
@article{Choi2016gram,

archivePrefix = {arXiv},
arxivId = {1611.07012},
author = {Choi, Edward and Bahadori, Mohammad Taha and Song, Le and Stewart, Walter F. and Sun, Jimeng},
eprint = {1611.07012},
file = {:C$\backslash$:/Users/Amin/AppData/Local/Mendeley Ltd./Mendeley Desktop/Downloaded/Choi et al. - 2016 - GRAM Graph-based Attention Model for Healthcare Representation Learning.pdf:pdf},
month = {nov},
title = {{GRAM: Graph-based Attention Model for Healthcare Representation Learning}},
url = {http://arxiv.org/abs/1611.07012},
year = {2016}
}
@article{Choi2016heart,

archivePrefix = {arXiv},
arxivId = {1602.03686},
author = {Choi, Edward and Schuetz, Andy and Stewart, Walter F. and Sun, Jimeng},
eprint = {1602.03686},
file = {:C$\backslash$:/Users/Amin/AppData/Local/Mendeley Ltd./Mendeley Desktop/Downloaded/Choi et al. - 2016 - Medical Concept Representation Learning from Electronic Health Records and its Application on Heart Failure Predict.pdf:pdf},
month = {feb},
title = {{Medical Concept Representation Learning from Electronic Health Records and its Application on Heart Failure Prediction}},
url = {http://arxiv.org/abs/1602.03686},
year = {2016}
}
@article{Choi2017heart,

author = {Choi, Edward and Schuetz, Andy and Stewart, Walter F and Sun, Jimeng},
doi = {10.1093/jamia/ocw112},
file = {:C$\backslash$:/Users/Amin/AppData/Local/Mendeley Ltd./Mendeley Desktop/Downloaded/Choi et al. - 2017 - Using recurrent neural network models for early detection of heart failure onset.pdf:pdf},
journal = {Journal of the American Medical Informatics Association},
keywords = {deep learning,electronic health records,heart failure prediction,patient progression model,recurrent neural network},
number = {2},
pages = {361--370},
title = {{Using recurrent neural network models for early detection of heart failure onset}},
volume = {24},
year = {2017}
}
@article{Choi2018mime,

archivePrefix = {arXiv},
arxivId = {1810.09593},
author = {Choi, Edward and Xiao, Cao and Stewart, Walter F. and Sun, Jimeng},
eprint = {1810.09593},
file = {:C$\backslash$:/Users/Amin/AppData/Local/Mendeley Ltd./Mendeley Desktop/Downloaded/Choi et al. - 2018 - MiME Multilevel Medical Embedding of Electronic Health Records for Predictive Healthcare.pdf:pdf},
month = {oct},
title = {{MiME: Multilevel Medical Embedding of Electronic Health Records for Predictive Healthcare}},
url = {http://arxiv.org/abs/1810.09593},
year = {2018}
}
@article{Choi2020gct,

archivePrefix = {arXiv},
arxivId = {1906.04716},
author = {Choi, Edward and Xu, Zhen and Li, Yujia and Dusenberry, Michael and Flores, Gerardo and Xue, Emily and Dai, Andrew},
doi = {10.1609/aaai.v34i01.5400},
eprint = {1906.04716},
issn = {2159-5399},
journal = {Proceedings of the AAAI Conference on Artificial Intelligence},
number = {01},
pages = {606--613},
title = {{Learning the Graphical Structure of Electronic Health Records with Graph Convolutional Transformer}},
url = {www.aaai.org},
volume = {34},
year = {2020}
}
@article{Choi2016Learning,
author = {Choi, Youngduck and Chiu, Chill Yi-I and Sontag, David},
issn = {2153-4063},
journal = {AMIA Joint Summits on Translational Science proceedings. AMIA Joint Summits on Translational Science},
pages = {41--50},
pmid = {27570647},
publisher = {American Medical Informatics Association},
title = {{Learning Low-Dimensional Representations of Medical Concepts.}},
url = {http://www.ncbi.nlm.nih.gov/pubmed/27570647 http://www.pubmedcentral.nih.gov/articlerender.fcgi?artid=PMC5001761},
volume = {2016},
year = {2016}
}
@article{Darabi2020,

archivePrefix = {arXiv},
arxivId = {1908.03971},
author = {Darabi, Sajad and Kachuee, Mohammad and Fazeli, Shayan and Sarrafzadeh, Majid},
doi = {10.1109/jbhi.2020.2984931},
eprint = {1908.03971},
file = {:C$\backslash$:/Users/Amin/AppData/Local/Mendeley Ltd./Mendeley Desktop/Downloaded/Darabi et al. - 2020 - TAPER Time-Aware Patient EHR Representation.pdf:pdf},
issn = {2168-2194},
journal = {IEEE Journal of Biomedical and Health Informatics},
month = {apr},
pages = {1--1},
publisher = {Institute of Electrical and Electronics Engineers (IEEE)},
title = {{TAPER: Time-Aware Patient EHR Representation}},
year = {2020}
}
@article{Ding2018,

archivePrefix = {arXiv},
arxivId = {1808.03331},
author = {Ding, Daisy Yi and Simpson, Chlo{\'{e}} and Pfohl, Stephen and Kale, Dave C. and Jung, Kenneth and Shah, Nigam H.},
eprint = {1808.03331},
file = {:C$\backslash$:/Users/Amin/AppData/Local/Mendeley Ltd./Mendeley Desktop/Downloaded/Ding et al. - 2018 - The Effectiveness of Multitask Learning for Phenotyping with Electronic Health Records Data.pdf:pdf},
keywords = {EHR,deep learning,multitask learning},

month = {aug},
title = {{The Effectiveness of Multitask Learning for Phenotyping with Electronic Health Records Data}},
url = {http://arxiv.org/abs/1808.03331},
year = {2018}
}
@article{Futoma2015,
author = {Futoma, Joseph and Morris, Jonathan and Lucas, Joseph},
doi = {10.1016/j.jbi.2015.05.016},
file = {:C$\backslash$:/Users/Amin/AppData/Local/Mendeley Ltd./Mendeley Desktop/Downloaded/Futoma, Morris, Lucas - 2015 - A comparison of models for predicting early hospital readmissions.pdf:pdf},
issn = {15320464},
journal = {Journal of Biomedical Informatics},
month = {aug},
pages = {229--238},
title = {{A comparison of models for predicting early hospital readmissions}},
url = {https://linkinghub.elsevier.com/retrieve/pii/S1532046415000969},
volume = {56},
year = {2015}
}
@article{Ghassemi2020,
author = {Ghassemi, Marzyeh and Naumann, Tristan and Schulam, Peter and Beam, Andrew L. and Chen, Irene Y. and Ranganath, Rajesh},
file = {:C$\backslash$:/Users/Amin/AppData/Local/Mendeley Ltd./Mendeley Desktop/Downloaded/Ghassemi et al. - 2020 - A Review of Challenges and Opportunities in Machine Learning for Health.pdf:pdf},
journal = {AMIA Summits on Translational Science Proceedings},
pages = {191},
pmid = {32477638},
publisher = {American Medical Informatics Association},
title = {{A Review of Challenges and Opportunities in Machine Learning for Health}},
url = {/pmc/articles/PMC7233077/?report=abstract https://www.ncbi.nlm.nih.gov/pmc/articles/PMC7233077/},
volume = {2020},
year = {2020}
}
@techreport{Girkar2018,

archivePrefix = {arXiv},
arxivId = {1812.00699v1},
author = {Girkar, Uma M and Uchimido, Ryo and Lehman, Li-Wei H and Szolovits, Peter and Celi, Leo and Weng, Wei-Hung},
eprint = {1812.00699v1},
file = {:C$\backslash$:/Users/Amin/AppData/Local/Mendeley Ltd./Mendeley Desktop/Downloaded/Girkar et al. - 2018 - Predicting Blood Pressure Response to Fluid Bolus Therapy Using Attention-Based Neural Networks for Clinical Inte.pdf:pdf},
title = {{Predicting Blood Pressure Response to Fluid Bolus Therapy Using Attention-Based Neural Networks for Clinical Interpretability}},
year = {2018}
}
@inproceedings{Gong2017,

address = {New York, NY, USA},
author = {Gong, Jen J. and Naumann, Tristan and Szolovits, Peter and Guttag, John V.},
booktitle = {Proceedings of the ACM SIGKDD International Conference on Knowledge Discovery and Data Mining},
doi = {10.1145/3097983.3098064},
file = {:C$\backslash$:/Users/Amin/Downloads/3097983.3098064.pdf:pdf},
isbn = {9781450348874},
keywords = {Clinical risk models,Electronic health records,Machine learning,Model portability},
month = {aug},
pages = {1497--1506},
publisher = {Association for Computing Machinery},
title = {{Predicting clinical outcomes across changing electronic health record systems}},
url = {https://dl.acm.org/doi/10.1145/3097983.3098064},
volume = {Part F1296},
year = {2017}
}
@article{Kam2017,

author = {Kam, Hye Jin and Kim, Ha Young},
doi = {10.1016/j.compbiomed.2017.08.015},
file = {:C$\backslash$:/Users/Amin/AppData/Local/Mendeley Ltd./Mendeley Desktop/Downloaded/Kam, Kim - 2017 - Learning representations for the early detection of sepsis with deep neural networks.pdf:pdf},
keywords = {Clinical decision support system,Deep learning,Early detection,Feature extraction,LSTM,Multivariate time-series,Sepsis},
title = {{Learning representations for the early detection of sepsis with deep neural networks}},
url = {http://dx.doi.org/10.1016/j.compbiomed.2017.08.015},
year = {2017}
}
@article{Lasko2013,

author = {Lasko, Thomas A. and Denny, Joshua C. and Levy, Mia A.},
doi = {10.1371/journal.pone.0066341},
editor = {Devaney, Joseph},
file = {:C$\backslash$:/Users/Amin/AppData/Local/Mendeley Ltd./Mendeley Desktop/Downloaded/Lasko, Denny, Levy - 2013 - Computational Phenotype Discovery Using Unsupervised Feature Learning over Noisy, Sparse, and Irregular Clin.pdf:pdf},
issn = {1932-6203},
journal = {PLoS ONE},
month = {jun},
number = {6},
pages = {e66341},
publisher = {Public Library of Science},
title = {{Computational Phenotype Discovery Using Unsupervised Feature Learning over Noisy, Sparse, and Irregular Clinical Data}},
url = {https://dx.plos.org/10.1371/journal.pone.0066341},
volume = {8},
year = {2013}
}
@article{Lauritsen2019,

archivePrefix = {arXiv},
arxivId = {1906.02956},
author = {Lauritsen, Simon Meyer and Kal{\o}r, Mads Ellersgaard and Kongsgaard, Emil Lund and Lauritsen, Katrine Meyer and J{\o}rgensen, Marianne Johansson and Lange, Jeppe and Thiesson, Bo},
eprint = {1906.02956},
file = {:C$\backslash$:/Users/Amin/AppData/Local/Mendeley Ltd./Mendeley Desktop/Downloaded/Lauritsen et al. - Unknown - Early detection of sepsis utilizing deep learning on electronic health record event sequences.pdf:pdf},
keywords = {Clinical decision support systems,Early diagnosis,Electronic health records,Machine learning,Medical informatics,Sepsis},
title = {{Early detection of sepsis utilizing deep learning on electronic health record event sequences}},
url = {http://www.tvaerspor.dk/ http://arxiv.org/abs/1906.02956},
year = {2019}
}
@unpublished{Li2019,

annote = {Uses BERT-like architecture to embed diagnosis features and predict future diagnosis

- Caveat: What if there is a correlation between disease history and future diseases?
- What is a human-level performance on this task?

- What is the performance of a simple linear model or RF?},
archivePrefix = {arXiv},
arxivId = {1907.09538},
author = {Li, Yikuan and Rao, Shishir and Solares, Jose Roberto Ayala and Hassaine, Abdelaali and Canoy, Dexter and Zhu, Yajie and Rahimi, Kazem and Salimi-Khorshidi, Gholamreza},
eprint = {1907.09538},
file = {:C$\backslash$:/Users/Amin/AppData/Local/Mendeley Ltd./Mendeley Desktop/Downloaded/Li et al. - 2019 - BEHRT Transformer for Electronic Health Records.pdf:pdf},
isbn = {1907.09538v1},
keywords = {BERT,EHR,NLP,Transformer,code mapping,diagnosis},

title = {{BEHRT: Transformer for Electronic Health Records}},
url = {https://arxiv.org/pdf/1907.09538.pdf http://arxiv.org/abs/1907.09538},
year = {2019}
}

@inproceedings{Lipton2016Learning,
archivePrefix = {arXiv},
arxivId = {1511.03677},
author = {Lipton, Zachary C. and Kale, David C. and Elkan, Charles and Wetzel, Randall},
booktitle = {4th International Conference on Learning Representations, ICLR 2016 - Conference Track Proceedings},
eprint = {1511.03677},
month = {nov},
title = {{Learning to diagnose with LSTM recurrent neural networks}},
url = {http://arxiv.org/abs/1511.03677},
year = {2016}
}


@article{Madani2018,

author = {Madani, Ali and Ong, Jia Rui and Tibrewal, Anshul and Mofrad, Mohammad R. K.},
doi = {10.1038/s41746-018-0065-x},
file = {:C$\backslash$:/Users/Amin/AppData/Local/Mendeley Ltd./Mendeley Desktop/Downloaded/Madani et al. - 2018 - Deep echocardiography data-efficient supervised and semi-supervised deep learning towards automated diagnosis of.pdf:pdf},
issn = {2398-6352},
journal = {npj Digital Medicine},
keywords = {Echocardiography,Heart failure},
month = {dec},
number = {1},
pages = {59},
publisher = {Nature Publishing Group},
title = {{Deep echocardiography: data-efficient supervised and semi-supervised deep learning towards automated diagnosis of cardiac disease}},
url = {http://www.nature.com/articles/s41746-018-0065-x},
volume = {1},
year = {2018}
}
@article{Miotto2016,

author = {Miotto, Riccardo and Li, Li and Kidd, Brian A. and Dudley, Joel T.},
doi = {10.1038/srep26094},
file = {:C$\backslash$:/Users/Amin/AppData/Local/Mendeley Ltd./Mendeley Desktop/Downloaded/Miotto et al. - 2016 - Deep Patient An Unsupervised Representation to Predict the Future of Patients from the Electronic Health Recor(3).pdf:pdf},
issn = {2045-2322},
journal = {Scientific Reports},
keywords = {Outcomes research,Translational research},
month = {may},
number = {1},
pages = {26094},
publisher = {Nature Publishing Group},
title = {{Deep Patient: An Unsupervised Representation to Predict the Future of Patients from the Electronic Health Records}},
url = {http://www.nature.com/articles/srep26094},
volume = {6},
year = {2016}
}
@article{Nguyen2017,

author = {Nguyen, Phuoc and Tran, Truyen and Wickramasinghe, Nilmini and Venkatesh, Svetha},
doi = {10.1109/JBHI.2016.2633963},
file = {:C$\backslash$:/Users/Amin/AppData/Local/Mendeley Ltd./Mendeley Desktop/Downloaded/Nguyen et al. - 2017 - Deepr A Convolutional Net for Medical Records.pdf:pdf},
issn = {21682194},
journal = {IEEE Journal of Biomedical and Health Informatics},
keywords = {Convolutional neural networks,deep learning,medical records},
month = {jan},
number = {1},
pages = {22--30},
title = {{Deepr: A Convolutional Net for Medical Records}},
url = {http://ieeexplore.ieee.org/document/7762861/},
volume = {21},
year = {2017}
}
@article{Pham2016,

archivePrefix = {arXiv},
arxivId = {1602.00357},
author = {Pham, Trang and Tran, Truyen and Phung, Dinh and Venkatesh, Svetha},
eprint = {1602.00357},
file = {:C$\backslash$:/Users/Amin/AppData/Local/Mendeley Ltd./Mendeley Desktop/Downloaded/Pham et al. - 2016 - DeepCare A Deep Dynamic Memory Model for Predictive Medicine.pdf:pdf},
month = {jan},
title = {{DeepCare: A Deep Dynamic Memory Model for Predictive Medicine}},
url = {http://arxiv.org/abs/1602.00357},
year = {2016}
}

@article{Rajkomar2018Scalable,

annote = {Google paper
EHR -{\textgreater} FHIR -{\textgreater} embedding},
archivePrefix = {arXiv},
arxivId = {1801.07860},
author = {Rajkomar, Alvin and Oren, Eyal and Chen, Kai and Dai, Andrew M and Hajaj, Nissan and Liu, Peter J. and Liu, Xiaobing and Sun, Mimi and Sundberg, Patrik and Yee, Hector and Zhang, Kun and Duggan, Gavin E and Flores, Gerardo and Hardt, Michaela and Irvine, Jamie and Le, Quoc and Litsch, Kurt and Marcus, Jake and Mossin, Alexander and Tansuwan, Justin and Wang, De and Wexler, James and Wilson, Jimbo and Ludwig, Dana and Volchenboum, Samuel L and Chou, Katherine and Pearson, Michael and Madabushi, Srinivasan and Shah, Nigam H and Butte, Atul J and Howell, Michael and Cui, Claire and Corrado, Greg and Dean, Jeffrey},
doi = {10.1038/s41746-018-0029-1},
eprint = {1801.07860},
file = {:C$\backslash$:/Users/Amin/AppData/Local/Mendeley Ltd./Mendeley Desktop/Downloaded/Rajkomar et al. - 2018 - ARTICLE Scalable and accurate deep learning with electronic health records.pdf:pdf},
journal = {NPJ Digital Medicine},
pages = {18},
title = {{Scalable and accurate deep learning for electronic health records}},
url = {www.nature.com/npjdigitalmed http://arxiv.org/abs/1801.07860{\%}0Ahttp://dx.doi.org/10.1038/s41746-018-0029-1},
volume = {1},
year = {2018}
}
@article{Ruan2019,

author = {Ruan, Tong and Lei, Liqi and Zhou, Yangming and Zhai, Jie and Zhang, Le and He, Ping and Gao, Ju},
doi = {10.1186/s12911-019-0985-7},
file = {:C$\backslash$:/Users/Amin/AppData/Local/Mendeley Ltd./Mendeley Desktop/Downloaded/Ruan et al. - 2019 - Representation learning for clinical time series prediction tasks in electronic health records.pdf:pdf},
issn = {14726947},
journal = {BMC Medical Informatics and Decision Making},
keywords = {Electronic health records,Mortality prediction,Recurrent neural network,Representation learning},
month = {dec},
number = {8},
pages = {1--14},
pmid = {31842854},
publisher = {BioMed Central Ltd.},
title = {{Representation learning for clinical time series prediction tasks in electronic health records}},
url = {https://link.springer.com/articles/10.1186/s12911-019-0985-7 https://link.springer.com/article/10.1186/s12911-019-0985-7},
volume = {19},
year = {2019}
}
@article{Sadati2019,

archivePrefix = {arXiv},
arxivId = {1908.09174},
author = {Sadati, Najibesadat and Nezhad, Milad Zafar and Chinnam, Ratna Babu and Zhu, Dongxiao},
eprint = {1908.09174},
file = {:C$\backslash$:/Users/Amin/Downloads/1908.09174v1.pdf:pdf},
month = {aug},
title = {{Representation Learning with Autoencoders for Electronic Health Records: A Comparative Study}},
url = {http://arxiv.org/abs/1908.09174},
year = {2019}
}
@article{Schrodt2020,

author = {Schrodt, Jens and Dudchenko, Aleksei and Knaup-Gregori, Petra and Ganzinger, Matthias},
doi = {10.1007/s10916-020-1538-4},
file = {:C$\backslash$:/Users/Amin/AppData/Local/Mendeley Ltd./Mendeley Desktop/Downloaded/Schrodt et al. - 2020 - Graph-Representation of Patient Data a Systematic Literature Review.pdf:pdf},
issn = {1573689X},
journal = {Journal of Medical Systems},
keywords = {Electronic health record,Graph theory,Systematic literature review,Temporal patient graph},
month = {apr},
number = {4},
pages = {1--7},
pmid = {32166501},
publisher = {Springer},
title = {{Graph-Representation of Patient Data: a Systematic Literature Review}},
url = {https://link.springer.com/article/10.1007/s10916-020-1538-4},
volume = {44},
year = {2020}
}
@article{Shickel2018,
author = {Shickel, Benjamin and Tighe, Patrick James and Bihorac, Azra and Rashidi, Parisa},
doi = {10.1109/JBHI.2017.2767063},
issn = {2168-2194},
journal = {IEEE Journal of Biomedical and Health Informatics},
month = {sep},
number = {5},
pages = {1589--1604},
title = {{Deep EHR: A Survey of Recent Advances in Deep Learning Techniques for Electronic Health Record (EHR) Analysis}},
url = {https://ieeexplore.ieee.org/document/8086133/},
volume = {22},
year = {2018}
}
@article{Song2018,

author = {Song, Huan and Rajan, Deepta and Thiagarajan, Jayaraman J. and Spanias, Andreas},
file = {:C$\backslash$:/Users/Amin/AppData/Local/Mendeley Ltd./Mendeley Desktop/Downloaded/Song et al. - 2018 - Attend and Diagnose Clinical Time Series Analysis Using Attention Models.pdf:pdf},
journal = {Thirty-Second AAAI Conference on Artificial Intelligence},
keywords = {Attention model,Clinical,Deep Learning,Healthcare,Recurrent Neural Network,Time Series Analysis},
month = {apr},
title = {{Attend and Diagnose: Clinical Time Series Analysis Using Attention Models}},
url = {https://www.aaai.org/ocs/index.php/AAAI/AAAI18/paper/viewPaper/16325},
year = {2018}
}
@article{Su2018,

author = {Su, Chang and Tong, Jie and Zhu, Yongjun and Cui, Peng and Wang, Fei},
doi = {10.1093/bib/bby117},
file = {:C$\backslash$:/Users/Amin/AppData/Local/Mendeley Ltd./Mendeley Desktop/Downloaded/Su et al. - 2018 - Network embedding in biomedical data science.pdf:pdf},
issn = {1477-4054},
journal = {Briefings in Bioinformatics},
month = {dec},
number = {1},
pages = {182--197},
title = {{Network embedding in biomedical data science}},
url = {https://doi.org/10.1093/bib/bby117},
volume = {21},
year = {2018}
}
@article{Tomasev2019,

author = {Toma{\v{s}}ev, Nenad and Glorot, Xavier and Rae, Jack W and Zielinski, Michal and Askham, Harry and Saraiva, Andre and Mottram, Anne and Meyer, Clemens and Ravuri, Suman and Protsyuk, Ivan and Connell, Alistair and Hughes, C{\'{i}}an O and Karthikesalingam, Alan and Cornebise, Julien and Montgomery, Hugh and Rees, Geraint and Laing, Chris and Baker, Clifton R. and Peterson, Kelly and Reeves, Ruth and Hassabis, Demis and King, Dominic and Suleyman, Mustafa and Back, Trevor and Nielson, Christopher and Ledsam, Joseph R and Mohamed, Shakir},
doi = {10.1038/s41586-019-1390-1},
file = {:C$\backslash$:/Users/Amin/AppData/Local/Mendeley Ltd./Mendeley Desktop/Downloaded/toma{\v{s}}ev et al. - Unknown - A clinically applicable approach to continuous prediction of future acute kidney injury.pdf:pdf},
isbn = {4158601913901},
journal = {Nature},
keywords = {AKI,DeepMind,EHR,Highway netwrok,RNN,auxiliary targets,embedding,multitask},

number = {7767},
pages = {116--119},
title = {{A clinically applicable approach to continuous prediction of future acute kidney injury}},
url = {https://doi.org/10.1038/s41586-019-1390-1},
volume = {572},
year = {2019}
}
@article{Tran2015,

author = {Tran, Truyen and Nguyen, Tu Dinh and Phung, Dinh and Venkatesh, Svetha},
doi = {10.1016/J.JBI.2015.01.012},
file = {:C$\backslash$:/Users/Amin/AppData/Local/Mendeley Ltd./Mendeley Desktop/Downloaded/Tran et al. - 2015 - Learning vector representation of medical objects via EMR-driven nonnegative restricted Boltzmann machines (eNRBM).pdf:pdf},
issn = {1532-0464},
journal = {Journal of Biomedical Informatics},
month = {apr},
pages = {96--105},
publisher = {Academic Press},
title = {{Learning vector representation of medical objects via EMR-driven nonnegative restricted Boltzmann machines (eNRBM)}},
url = {https://www.sciencedirect.com/science/article/pii/S1532046415000143},
volume = {54},
year = {2015}
}
@inproceedings{Wang2019,

archivePrefix = {arXiv},
arxivId = {1904.08558},
author = {Wang, Ying and Xu, Xiao and Jin, Tao and Li, Xiang and Xie, Guotong and Wang, Jianmin},
booktitle = {Proceedings - 2019 IEEE International Conference on Bioinformatics and Biomedicine, BIBM 2019},
doi = {10.1109/BIBM47256.2019.8983281},
eprint = {1904.08558},
file = {:C$\backslash$:/Users/Amin/AppData/Local/Mendeley Ltd./Mendeley Desktop/Downloaded/Wang et al. - 2019 - Inpatient2Vec Medical Representation Learning for Inpatients.pdf:pdf},
isbn = {9781728118673},
keywords = {BERT,Inpatient,Medical Prediction,Representation Learning},
month = {nov},
pages = {1113--1117},
publisher = {Institute of Electrical and Electronics Engineers Inc.},
title = {{Inpatient2Vec: Medical Representation Learning for Inpatients}},
year = {2019}
}
@techreport{Weng2019Multimodal,

archivePrefix = {arXiv},
arxivId = {1909.07846v1},
author = {Weng, Wei-Hung and Cai, Yuannan and Lin, Angela and Tan, Fraser and Chen, Po-Hsuan Cameron},
eprint = {1909.07846v1},
file = {:C$\backslash$:/Users/Amin/AppData/Local/Mendeley Ltd./Mendeley Desktop/Downloaded/Weng et al. - 2019 - Multimodal Multitask Representation Learning for Pathology Biobank Metadata Prediction.pdf:pdf},
title = {{Multimodal Multitask Representation Learning for Pathology Biobank Metadata Prediction}},
year = {2019}
}
@article{Weng2019,

archivePrefix = {arXiv},
arxivId = {1909.09248},
author = {Weng, Wei-Hung and Szolovits, Peter},
eprint = {1909.09248},
file = {:C$\backslash$:/Users/Amin/AppData/Local/Mendeley Ltd./Mendeley Desktop/Downloaded/Weng, Szolovits - 2019 - Representation Learning for Electronic Health Records.pdf:pdf},
month = {sep},
title = {{Representation Learning for Electronic Health Records}},
url = {http://arxiv.org/abs/1909.09248},
year = {2019}
}
@misc{Xiao2018,

author = {Xiao, Cao and Choi, Edward and Sun, Jimeng},
booktitle = {Journal of the American Medical Informatics Association},
doi = {10.1093/jamia/ocy068},
file = {:C$\backslash$:/Users/Amin/AppData/Local/Mendeley Ltd./Mendeley Desktop/Downloaded/Xiao, Choi, Sun - 2018 - Opportunities and challenges in developing deep learning models using electronic health records data a systemat.pdf:pdf},
issn = {1527974X},
keywords = {deep learning,electronic health records,neural networks,systematic review},
month = {oct},
number = {10},
pages = {1419--1428},
publisher = {Narnia},
title = {{Opportunities and challenges in developing deep learning models using electronic health records data: A systematic review}},
url = {https://academic.oup.com/jamia/article/25/10/1419/5035024},
volume = {25},
year = {2018}
}
@article{Zhang2018,

archivePrefix = {arXiv},
arxivId = {1810.04793},
author = {Zhang, Jinghe and Kowsari, Kamran and Harrison, James H. and Lobo, Jennifer M. and Barnes, Laura E.},
doi = {10.1109/ACCESS.2018.2875677},
eprint = {1810.04793},
file = {:C$\backslash$:/Users/Amin/AppData/Local/Mendeley Ltd./Mendeley Desktop/Downloaded/Zhang et al. - 2018 - Patient2Vec A Personalized Interpretable Deep Representation of the Longitudinal Electronic Health Record.pdf:pdf},
issn = {21693536},
journal = {IEEE Access},
keywords = {Attention mechanism,gated recurrent unit,hospitalization,longitudinal electronic health record,personalization,representation learning},
pages = {65333--65346},
publisher = {Institute of Electrical and Electronics Engineers Inc.},
title = {{Patient2Vec: A Personalized Interpretable Deep Representation of the Longitudinal Electronic Health Record}},
volume = {6},
year = {2018}
}
@article{Zhang2019,

annote = {LOINC to HPO (human phenotype ontology) mapping},
author = {Zhang, Xingmin Aaron and Yates, Amy and Vasilevsky, Nicole and Gourdine, J. P. and Callahan, Tiffany J. and Carmody, Leigh C. and Danis, Daniel and Joachimiak, Marcin P. and Ravanmehr, Vida and Pfaff, Emily R. and Champion, James and Robasky, Kimberly and Xu, Hao and Fecho, Karamarie and Walton, Nephi A. and Zhu, Richard L. and Ramsdill, Justin and Mungall, Christopher J. and K{\"{o}}hler, Sebastian and Haendel, Melissa A. and McDonald, Clement J. and Vreeman, Daniel J. and Peden, David B. and Bennett, Tellen D. and Feinstein, James A. and Martin, Blake and Stefanski, Adrianne L. and Hunter, Lawrence E. and Chute, Christopher G. and Robinson, Peter N.},
doi = {10.1038/s41746-019-0110-4},
file = {:C$\backslash$:/Users/Amin/AppData/Local/Mendeley Ltd./Mendeley Desktop/Downloaded/Zhang et al. - 2019 - Semantic integration of clinical laboratory tests from electronic health records for deep phenotyping and biomarke.pdf:pdf},
issn = {2398-6352},
journal = {npj Digital Medicine},
keywords = {Asthma,Predictive markers,Translational research},
month = {dec},
number = {1},
pages = {32},
publisher = {Nature Publishing Group},
title = {{Semantic integration of clinical laboratory tests from electronic health records for deep phenotyping and biomarker discovery}},
url = {http://www.nature.com/articles/s41746-019-0110-4},
volume = {2},
year = {2019}
}
@inproceedings{Zhou2017,

author = {Zhou, Chongyu and Jia, Yao and Motani, Mehul and Chew, Jingwei},
booktitle = {ACM-BCB},
doi = {10.1145/3107411.3107433},
file = {:C$\backslash$:/Users/Amin/AppData/Local/Mendeley Ltd./Mendeley Desktop/Downloaded/Zhou et al. - 2017 - Learning Deep Representations from Heterogeneous Patient Data for Predictive Diagnosis.pdf:pdf},
isbn = {9781450347228},
keywords = {-  Applied computing  -{\textgreater}  Health informatics},
pages = {115--123},
title = {{Learning Deep Representations from Heterogeneous Patient Data for Predictive Diagnosis}},
url = {https://doi.org/10.1145/3107411.3107433},
volume = {17},
year = {2017}
}
@inproceedings{Zhu2016,

author = {Zhu, Zihao and Yin, Changchang and Qian, Buyue and Cheng, Yu and Wei, Jishang and Wang, Fei},
booktitle = {IEEE 16th International Conference on Data Mining (ICDM)},
file = {:C$\backslash$:/Users/Amin/AppData/Local/Mendeley Ltd./Mendeley Desktop/Downloaded/Zhu et al. - 2016 - Measuring Patient Similarities via A Deep Architecture with Medical Concept Embedding.pdf:pdf},
keywords = {CNN,EHR,deep learning,embedding},

title = {{Measuring Patient Similarities via A Deep Architecture with Medical Concept Embedding}},
url = {https://par.nsf.gov/servlets/purl/10026424},
year = {2016}
}
@inproceedings{Baytas,

author = {Baytas, Inci M and Xiao, Cao and Zhang, Xi and Wang, Fei and Jain, Anil K and Zhou, Jiayu},
booktitle = {Proceedings of the ACM SIGKDD International Conference on Knowledge Discovery and Data Mining},
doi = {10.1145/3097983.3097997},
file = {:C$\backslash$:/Users/Amin/AppData/Local/Mendeley Ltd./Mendeley Desktop/Downloaded/Baytas et al. - Unknown - Patient Subtyping via Time-Aware LSTM Networks KEYWORDS.pdf:pdf},
isbn = {9781450348874},
keywords = {Long-short term Memory,Patient subtyping,Recurrent neural network},
mendeley-groups = {Representation learning/Clinical data},
pages = {65--74},
title = {{Patient subtyping via time-aware LSTM networks}},
volume = {Part F1296},
year = {2017}
}

@article{Hinton2006,
author = {Hinton, G. E. and Salakhutdinov, R. R.},
doi = {10.1126/science.1127647},
issn = {00368075},
journal = {Science},
mendeley-groups = {Representation learning},
month = {jul},
number = {5786},
pages = {504--507},
pmid = {16873662},
publisher = {American Association for the Advancement of Science},
title = {{Reducing the dimensionality of data with neural networks}},
url = {https://science.sciencemag.org/content/313/5786/504 https://science.sciencemag.org/content/313/5786/504.abstract},
volume = {313},
year = {2006}
}
@inproceedings{Vincent2008,
address = {New York, New York, USA},
author = {Vincent, Pascal and Larochelle, Hugo and Bengio, Yoshua and Manzagol, Pierre Antoine},
booktitle = {Proceedings of the 25th International Conference on Machine Learning},
doi = {10.1145/1390156.1390294},
isbn = {9781605582054},
mendeley-groups = {Representation learning},
pages = {1096--1103},
publisher = {ACM Press},
title = {{Extracting and composing robust features with denoising autoencoders}},
url = {http://portal.acm.org/citation.cfm?doid=1390156.1390294},
year = {2008}
}

@article{bengio2013representation,
  title={Representation learning: A review and new perspectives},
  author={Bengio, Yoshua and Courville, Aaron and Vincent, Pascal},
  journal={IEEE transactions on pattern analysis and machine intelligence},
  volume={35},
  number={8},
  pages={1798--1828},
  year={2013},
  publisher={IEEE}
}

@article{lecun1998gradient,
  title={Gradient-based learning applied to document recognition},
  author={LeCun, Yann and Bottou, L{\'e}on and Bengio, Yoshua and Haffner, Patrick},
  journal={Proceedings of the IEEE},
  volume={86},
  number={11},
  pages={2278--2324},
  year={1998},
  publisher={Ieee}
}

@article{hochreiter1997long,
  title={Long short-term memory},
  author={Hochreiter, Sepp and Schmidhuber, J{\"u}rgen},
  journal={Neural computation},
  volume={9},
  number={8},
  pages={1735--1780},
  year={1997},
  publisher={MIT Press}
}

@article{cho2014learning,
  title={Learning phrase representations using RNN encoder-decoder for statistical machine translation},
  author={Cho, Kyunghyun and Van Merri{\"e}nboer, Bart and Gulcehre, Caglar and Bahdanau, Dzmitry and Bougares, Fethi and Schwenk, Holger and Bengio, Yoshua},
  journal={arXiv preprint arXiv:1406.1078},
  year={2014}
}

@article{mikolov2013efficient,
  title={Efficient estimation of word representations in vector space},
  author={Mikolov, Tomas and Chen, Kai and Corrado, Greg and Dean, Jeffrey},
  journal={arXiv preprint arXiv:1301.3781},
  year={2013}
}

@article{minarro2014exploring,
  title={Exploring the application of deep learning techniques on medical text corpora.},
  author={Minarro-Gim{\'e}nez, Jos{\'e} Antonio and Marin-Alonso, Oscar and Samwald, Matthias},
  journal={Studies in health technology and informatics},
  volume={205},
  pages={584--588},
  year={2014}
}
@inproceedings{de2014medical,
  title={Medical semantic similarity with a neural language model},
  author={De Vine, Lance and Zuccon, Guido and Koopman, Bevan and Sitbon, Laurianne and Bruza, Peter},
  booktitle={Proceedings of the 23rd ACM international conference on conference on information and knowledge management},
  pages={1819--1822},
  year={2014}
}

@article{Pyysalo013distributional,
  title={Distributional semantics resources for biomedical text processing},
  author={Pyysalo, Sampo and Ginter, Filip and Moen, Hans and Salakoski, Tapio and Ananiadou, Sophia},
  journal={Proceedings of LBM},
  pages={39--44},
  year={2013}
}

@inproceedings{Vaswani2017transformers,
archivePrefix = {arXiv},
arxivId = {1706.03762v5},
author = {Vaswani, Ashish and Shazeer, Noam and Parmar, Niki and Uszkoreit, Jakob and Jones, Llion and Gomez, Aidan N and Kaiser, {\L}ukasz and Polosukhin, Illia},
booktitle = {Advances in Neural Information Processing Systems},
eprint = {1706.03762v5},
file = {:C$\backslash$:/Users/Amin/AppData/Local/Mendeley Ltd./Mendeley Desktop/Downloaded/Vaswani et al. - Unknown - Attention Is All You Need.pdf:pdf},
issn = {10495258},
mendeley-groups = {Representation learning},
pages = {5999--6009},
title = {{Attention is all you need}},
volume = {2017-Decem},
year = {2017}
}

@inproceedings{tan2018TLsurvey,
  title={A survey on deep transfer learning},
  author={Tan, Chuanqi and Sun, Fuchun and Kong, Tao and Zhang, Wenchang and Yang, Chao and Liu, Chunfang},
  booktitle={International conference on artificial neural networks},
  pages={270--279},
  year={2018},
  organization={Springer}
}

@inproceedings{krizhevsky2012imagenet,
  title={Imagenet classification with deep convolutional neural networks},
  author={Krizhevsky, Alex and Sutskever, Ilya and Hinton, Geoffrey E},
  booktitle={Advances in neural information processing systems},
  pages={1097--1105},
  year={2012}
}

@article{peters2018deep,
  title={Deep contextualized word representations},
  author={Peters, Matthew E and Neumann, Mark and Iyyer, Mohit and Gardner, Matt and Clark, Christopher and Lee, Kenton and Zettlemoyer, Luke},
  journal={arXiv preprint arXiv:1802.05365},
  year={2018}
}
@article{howard2018universal,
  title={Universal language model fine-tuning for text classification},
  author={Howard, Jeremy and Ruder, Sebastian},
  journal={arXiv preprint arXiv:1801.06146},
  year={2018}
}
@article{devlin2018bert,
  title={Bert: Pre-training of deep bidirectional transformers for language understanding},
  author={Devlin, Jacob and Chang, Ming-Wei and Lee, Kenton and Toutanova, Kristina},
  journal={arXiv preprint arXiv:1810.04805},
  year={2018}
}

@techreport{Huang2019clinicalBert,
archivePrefix = {arXiv},
arxivId = {1904.05342v2},
author = {Huang, Kexin and Altosaar, Jaan},
eprint = {1904.05342v2},
title = {{ClinicalBert: Modeling Clinical Notes and Predicting Hospital Readmission}},
url = {https://github.com/kexinhuang12345/clinicalBERT},
year = {2019}
}
@techreport{Alsentzer2019public,
archivePrefix = {arXiv},
arxivId = {1904.03323v3},
author = {Alsentzer, Emily and Murphy, John R and Boag, Willie and Weng, Wei-Hung and Jin, Di and Naumann, Tristan and Mcdermott, Matthew B A},
eprint = {1904.03323v3},
title = {{Publicly Available Clinical BERT Embeddings}},
url = {https://www.ncbi.nlm.nih.gov/pmc/},
year = {2019}
}
@article{Lee2020,
author = {Lee, Jinhyuk and Yoon, Wonjin and Kim, Sungdong and Kim, Donghyeon and Kim, Sunkyu and So, Chan Ho and Kang, Jaewoo},
doi = {10.1093/bioinformatics/btz682},
journal = {Bioinformatics},
number = {4},
pages = {1234--1240},
title = {{Data and text mining BioBERT: a pre-trained biomedical language representation model for biomedical text mining}},
url = {https://academic.oup.com/bioinformatics/article-abstract/36/4/1234/5566506},
volume = {36},
year = {2020}
}
@techreport{Zhu2018,
archivePrefix = {arXiv},
arxivId = {1810.10566v2},
author = {Zhu, Henghui and {Ch Paschalidis}, Ioannis and Tahmasebi, Amir},
eprint = {1810.10566v2},
title = {{Clinical Concept Extraction with Contextual Word Embedding}},
url = {https://github.com/noc-lab/simple{\_}sentence{\_}segment},
year = {2018}
}
@techreport{Khin2018,
archivePrefix = {arXiv},
arxivId = {1810.01570v1},
author = {Khin, Kaung and Burckhardt, Philipp and Padman, Rema},
eprint = {1810.01570v1},
title = {{A Deep Learning Architecture for De-identification of Patient Notes: Implementation and Evaluation}},
year = {2018}
}
@techreport{Dubois2018,
archivePrefix = {arXiv},
arxivId = {1705.07025v3},
author = {Dubois, Sebastien and Romano, Nathanael and Kale, David and Shah, Nigam H and Jung, Kenneth},
eprint = {1705.07025v3},
title = {{Efficient Representations of Clinical Text}},
year = {2018}
}
@article{Weng2019Unsupervised,
archivePrefix = {arXiv},
arxivId = {1902.01177v2},
author = {Weng, Acm Reference Format: Wei-Hung and Chung, Yu-An and Szolovits, Peter},
doi = {10.1145/3292500.3330710},
eprint = {1902.01177v2},
isbn = {9781450362016},
keywords = {CCS CONCEPTS • Computing methodologies → Machine translation,Health informatics KEYWORDS consumer health,Learning latent representations,Unsu-pervised learning,machine translation,rep-resentation learning,unsupervised learning,• Applied computing → Consumer health},
publisher = {ACM},
title = {{Unsupervised Clinical Language Translation}},
year = {2019}
}
@article{Wiens2013,
author = {Wiens, Jenna and Guttag, John and Horvitz, Eric},
doi = {10.1136/amiajnl-2013-002162},
journal = {JAMIA},
pages = {699--706},
title = {{A study in transfer learning: leveraging data from multiple hospitals to enhance hospital-specific predictions}},
year = {2013}
}
@article{Gong2017,
author = {Gong, Jen J and Naumann, Tristan and Szolovits, Peter and Guttag, John V},
doi = {10.1145/3097983.3098064},
isbn = {9781450348874},
keywords = {-  Applied computing  -{\textgreater}  Health informatics},
title = {{Predicting Clinical Outcomes Across Changing Electronic Health Record Systems}},
url = {https://doi.org/10.1145/3097983.3098064},
volume = {9},
year = {2017}
}

@inproceedings{Mullenbach2018Explainable,
archivePrefix = {arXiv},
arxivId = {1802.05695},
author = {Mullenbach, James and Wiegreffe, Sarah and Duke, Jon and Sun, Jimeng and Eisenstein, Jacob},
booktitle = {NAACL HLT 2018 - 2018 Conference of the North American Chapter of the Association for Computational Linguistics: Human Language Technologies - Proceedings of the Conference},
doi = {10.18653/v1/n18-1100},
eprint = {1802.05695},
isbn = {9781948087278},
pages = {1101--1111},
title = {{Explainable prediction of medical codes from clinical text}},
volume = {1},
year = {2018}
}

@article{Suresh2017Clinical,
archivePrefix = {arXiv},
arxivId = {1705.08498},
author = {Suresh, Harini and Hunt, Nathan and Johnson, Alistair and Celi, Leo Anthony and Szolovits, Peter and Ghassemi, Marzyeh},
eprint = {1705.08498},
file = {:C$\backslash$:/Users/Amin/AppData/Local/Mendeley Ltd./Mendeley Desktop/Downloaded/Suresh et al. - 2017 - CLINICAL EVENT PREDICTION AND UNDERSTANDING USING DEEP NETWORKS Clinical Intervention Prediction and Understandin.pdf:pdf},
mendeley-groups = {Representation learning/Clinical data},
title = {{Clinical Intervention Prediction and Understanding using Deep Networks}},
url = {http://arxiv.org/abs/1705.08498},
year = {2017}
}

@article{lecun2015deep,
  title={Deep learning},
  author={LeCun, Yann and Bengio, Yoshua and Hinton, Geoffrey},
  journal={nature},
  volume={521},
  number={7553},
  pages={436--444},
  year={2015},
  publisher={Nature Publishing Group}
}

@article{AyalaSolares2020deep_survey,

author = {{Ayala Solares}, Jose Roberto and {Diletta Raimondi}, Francesca Elisa and Zhu, Yajie and Rahimian, Fatemeh and Canoy, Dexter and Tran, Jenny and {Pinho Gomes}, Ana Catarina and Payberah, Amir H. and Zottoli, Mariagrazia and Nazarzadeh, Milad and Conrad, Nathalie and Rahimi, Kazem and Salimi-Khorshidi, Gholamreza},
booktitle = {Journal of Biomedical Informatics},
doi = {10.1016/j.jbi.2019.103337},
issn = {15320464},
month = {jan},
pages = {103337},
pmid = {31916973},
publisher = {Academic Press Inc.},
title = {{Deep learning for electronic health records: A comparative review of multiple deep neural architectures}},
volume = {101},
year = {2020}
}



